<record xmlns:xsi="http://www.w3.org/2001/XMLSchema-instance" xmlns="http://www.loc.gov/MARC21/slim" xsi:schemaLocation="http://www.loc.gov/MARC21/slim http://www.loc.gov/standards/marcxml/schema/MARC21slim.xsd">

  <leader>01488nab a22001577a 4500</leader>
  <controlfield tag="008">150528b1998    cr f|||| |||| 00| 0 spa d</controlfield>
  <datafield ind2=" " ind1=" " tag="090">
    <subfield code="a">REVIS 06.02.01</subfield>
  </datafield>
  <datafield ind2=" " ind1="1" tag="100">
    <subfield code="9">114</subfield>
    <subfield code="a">Hernández Poveda, Rose Mary</subfield>
  </datafield>
  <datafield ind2="4" ind1="1" tag="245">
    <subfield code="a">Los procesos significativos de aprendizaje y la valoración del progreso escolar /</subfield>
    <subfield code="c">Rose May Hernández Poveda</subfield>
  </datafield>
  <datafield ind2=" " tag="260" ind1=" ">
    <subfield code="a">San José, Costa Rica :</subfield>
    <subfield code="b">Editorial Universidad de Costa Rica,</subfield>
    <subfield code="c">1998</subfield>
  </datafield>
  <datafield ind2=" " tag="300" ind1=" ">
    <subfield code="a">páginas 91 - 118</subfield>
  </datafield>
  <datafield ind2=" " tag="520" ind1=" ">
    <subfield code="a">El artículo analiza el concepto de evaluación que rige la práctica educativa en el aula. Sugiere algunas estrategias para conseguir cambios conceptuales en el aprendizaje y la evaluación del alumno. Presenta técnicas y recursos importantes para organizar la tarea en el aula y delegar trabajo a los estudiantes. Defiende, en las tesis que presenta, especialmente la oportunidad que deben darse maestro y alumnos para aprender y enseñar a la vez, desde su participación genuina y autónoma en sus propios procesos de aprendizaje significativo. Aporta ideas para conseguir interacción en las actividades de un curso, aprovechar las potencialidades de los individuos y enriquecerse mutuamente. La autora comparte su experiencia, como evaluadora y docente y su propio concepto de significatividad del aprendizaje.</subfield>
  </datafield>
  <datafield tag="650" ind1="1" ind2="4">
    <subfield code="9">1</subfield>
    <subfield code="a">EDUCACIÓN</subfield>
  </datafield>
  <datafield ind1="0" tag="773" ind2=" ">
    <subfield code="d">San José, Costa Rica : Editorial de la Universidad de Costa Rica, 1997-</subfield>
    <subfield code="o">R0020</subfield>
    <subfield code="t">EDUCACIÓN: Revista de la Universidad de Costa Rica</subfield>
    <subfield code="g">Vol.22, no.1 (1998)</subfield>
  </datafield>
  <datafield ind2=" " ind1=" " tag="942">
    <subfield code="2">z</subfield>
    <subfield code="c">10</subfield>
  </datafield>
  <datafield ind2=" " ind1=" " tag="999">
    <subfield code="c">2595</subfield>
    <subfield code="d">2595</subfield>
  </datafield>
</record>